<record><leader>00000cas a2200000 a 4500</leader><controlfield tag="001">37328581</controlfield><controlfield tag="008">970721d18591uuuvtuwr ne      0    0eng c</controlfield><datafield ind1=" " ind2=" " tag="010"><subfield code="a">sn 97067521 </subfield></datafield><datafield ind1=" " ind2=" " tag="040"><subfield code="a">NVN</subfield><subfield code="b">eng</subfield><subfield code="c">NVN</subfield><subfield code="d">OCLCQ</subfield><subfield code="d">OCLCF</subfield><subfield code="d">OCLCO</subfield></datafield><datafield ind1="1" ind2=" " tag="029"><subfield code="a">AU@</subfield><subfield code="b">000013409244</subfield></datafield><datafield ind1=" " ind2=" " tag="042"><subfield code="a">pcc</subfield></datafield><datafield ind1=" " ind2=" " tag="043"><subfield code="a">n-us-vt</subfield></datafield><datafield ind1="0" ind2=" " tag="130"><subfield code="a">Green mountain sybil (Sandusky, Vt.)</subfield></datafield><datafield ind1="1" ind2="0" tag="245"><subfield code="a">Green mountain sybil.</subfield></datafield><datafield ind1="1" ind2=" " tag="246"><subfield code="i">Subtitle:</subfield><subfield code="a">He is the freeman whom the truth makes free</subfield></datafield><datafield ind1=" " ind2=" " tag="260"><subfield code="a">Sandusky, Vt. :</subfield><subfield code="b">Addison Co.</subfield></datafield><datafield ind1=" " ind2=" " tag="300"><subfield code="a">v.</subfield></datafield><datafield ind1=" " ind2=" " tag="310"><subfield code="a">Weekly</subfield></datafield><datafield ind1="0" ind2=" " tag="362"><subfield code="a">Vol. 1, no. 1 (Jan. 22, 1859).</subfield></datafield><datafield ind1=" " ind2=" " tag="500"><subfield code="a">This paper also discusses spiritual and other pressing issues of the day.</subfield></datafield><datafield ind1=" " ind2="0" tag="651"><subfield code="a">Vermont</subfield><subfield code="v">Newspapers.</subfield></datafield><datafield ind1=" " ind2="7" tag="655"><subfield code="a">Newspapers.</subfield><subfield code="2">fast</subfield><subfield code="0">(OCoLC)fst01423814</subfield></datafield><datafield ind1=" " ind2="7" tag="651"><subfield code="a">Vermont.</subfield><subfield code="2">fast</subfield><subfield code="0">(OCoLC)fst01204305</subfield></datafield><datafield ind1=" " ind2=" " tag="752"><subfield code="a">United States</subfield><subfield code="b">Vermont</subfield><subfield code="c">Addison</subfield><subfield code="d">East Granville.</subfield></datafield><datafield ind1="0" ind2="0" tag="780"><subfield code="t">World's paper (East Granville, Vt. : 1857)</subfield><subfield code="w">(DLC)sn 97067520</subfield><subfield code="w">(OCoLC)37328483</subfield></datafield></record>